<?xml version="1.0" encoding="UTF-8"?>
<Document xmlns="urn:iso:std:iso:20022:tech:xsd:pain.008.001.02" xmlns:xsi="http://www.w3.org/2001/XMLSchema-intance">
  <CstmrDrctDbtInitn>
    <GrpHdr>
      <MsgId>NGO-SDD-S754724-MINIMAL</MsgId>
      <CreDtTm>2010-08-25T14:25:00</CreDtTm>
      <NbOfTxs>2</NbOfTxs>
      <CtrlSum>20.3</CtrlSum>
      <InitgPty>
        <Nm>Sepa Processing Ltd.</Nm>
      </InitgPty>
    </GrpHdr>
    <PmtInf>
      <PmtInfId>NGO-FRST-7553</PmtInfId>
      <PmtMtd>DD</PmtMtd>
      <BtchBookg>false</BtchBookg>
      <NbOfTxs>1</NbOfTxs>
      <CtrlSum>10.1</CtrlSum>
      <PmtTpInf>
        <SvcLvl>
          <Cd>SEPA</Cd>
        </SvcLvl>
        <LclInstrm>
          <Cd>CORE</Cd>
        </LclInstrm>
        <SeqTp>FRST</SeqTp>
      </PmtTpInf>
      <ReqdColltnDt>2010-09-12</ReqdColltnDt>
      <Cdtr>
        <Nm>NGO International</Nm>
      </Cdtr>
      <CdtrAcct>
        <Id>
          <IBAN>NL90ABNA0111111111</IBAN>
        </Id>
      </CdtrAcct>
      <CdtrAgt>
        <FinInstnId>
          <BIC>ABNANL2A</BIC>
        </FinInstnId>
      </CdtrAgt>
      <ChrgBr>SLEV</ChrgBr>
      <CdtrSchmeId>
        <Nm>NGO International</Nm>
        <Id>
          <PrvtId>
            <Othr>
              <Id>NL64ZZZ321096320000</Id>
              <SchmeNm>
                <Prtry>SEPA</Prtry>
              </SchmeNm>
            </Othr>
          </PrvtId>
        </Id>
      </CdtrSchmeId>
      <DrctDbtTxInf>
        <PmtId>
          <EndToEndId>NGO-FRST-7553-A01</EndToEndId>
        </PmtId>
        <InstdAmt Ccy="EUR">10.1</InstdAmt>
        <DrctDbtTx>
          <MndtRltdInf>
            <MndtId>NGO-5673824</MndtId>
            <DtOfSgntr>2008-07-13</DtOfSgntr>
          </MndtRltdInf>
        </DrctDbtTx>
        <DbtrAgt>
          <FinInstnId>
            <BIC>RABONL2U</BIC>
          </FinInstnId>
        </DbtrAgt>
        <Dbtr>
          <Nm>Joe Donor</Nm>
        </Dbtr>
        <DbtrAcct>
          <Id>
            <IBAN>NL44RABO0123456789</IBAN>
          </Id>
        </DbtrAcct>
        <RmtInf>
          <Ustrd>Your mandate NGO-5673824, payment for Sep 2012</Ustrd>
        </RmtInf>
      </DrctDbtTxInf>
    </PmtInf>
    <PmtInf>
      <PmtInfId>NGO-SDD-S754726-MAXIMAL</PmtInfId>
      <PmtMtd>DD</PmtMtd>
      <BtchBookg>false</BtchBookg>
      <NbOfTxs>1</NbOfTxs>
      <CtrlSum>10.2</CtrlSum>
      <PmtTpInf>
        <SvcLvl>
          <Cd>SEPA</Cd>
        </SvcLvl>
        <LclInstrm>
          <Cd>CORE</Cd>
        </LclInstrm>
        <SeqTp>RCUR</SeqTp>
        <CtgyPurp>
          <Cd>DCRD</Cd>
        </CtgyPurp>
      </PmtTpInf>
      <ReqdColltnDt>2010-09-12</ReqdColltnDt>
      <Cdtr>
        <Nm>NGO International</Nm>
      </Cdtr>
      <CdtrAcct>
        <Id>
          <IBAN>NL90ABNA0111111111</IBAN>
        </Id>
      </CdtrAcct>
      <CdtrAgt>
        <FinInstnId>
          <BIC>ABNANL2A</BIC>
        </FinInstnId>
      </CdtrAgt>
      <ChrgBr>SLEV</ChrgBr>
      <CdtrSchmeId>
        <Nm>NGO International</Nm>
        <Id>
          <PrvtId>
            <Othr>
              <Id>NL64ZZZ321096320000</Id>
              <SchmeNm>
                <Prtry>SEPA</Prtry>
              </SchmeNm>
            </Othr>
          </PrvtId>
        </Id>
      </CdtrSchmeId>
      <DrctDbtTxInf>
        <PmtId>
          <EndToEndId>NGO-RCUR-7599-A01</EndToEndId>
        </PmtId>
        <InstdAmt Ccy="EUR">10.2</InstdAmt>
        <DrctDbtTx>
          <MndtRltdInf>
            <MndtId>NGO-8237652</MndtId>
            <DtOfSgntr>2008-07-13</DtOfSgntr>
          </MndtRltdInf>
        </DrctDbtTx>
        <DbtrAgt>
          <FinInstnId>
            <BIC>RABONL2U</BIC>
          </FinInstnId>
        </DbtrAgt>
        <Dbtr>
          <Nm>Susan Supporter</Nm>
          <PstlAdr>
            <AdrLine>Streetlane 1</AdrLine>
            <AdrLine>2553 Cityville</AdrLine>
          </PstlAdr>
        </Dbtr>
        <DbtrAcct>
          <Id>
            <IBAN>NL44RABO0123456789</IBAN>
          </Id>
        </DbtrAcct>
        <UltmtDbtr>
          <Id>
            <PrvtId>
              <DtAndPlcOfBirth>
                <BirthDt>1970-01-01</BirthDt>
                <CityOfBirth>City</CityOfBirth>
                <CtryOfBirth>NL</CtryOfBirth>
              </DtAndPlcOfBirth>
            </PrvtId>
          </Id>
        </UltmtDbtr>
        <Purp>
          <Cd>AREN</Cd>
        </Purp>
        <RmtInf>
          <Ustrd>Your mandate NGO-8237652, payment for Sep 2012</Ustrd>
        </RmtInf>
      </DrctDbtTxInf>
    </PmtInf>
  </CstmrDrctDbtInitn>
</Document>
